@book{author2020title,
  author    = {Author Name},
  title     = {Title of the Book},
  year      = {2020},
  publisher = {Publisher Name},
  address   = {City, Country}
}

@article{author2021article,
  author  = {Author Name},
  title   = {Title of the Article},
  journal = {Journal Name},
  year    = {2021},
  volume  = {34},
  number  = {2},
  pages   = {123-145}
}
